:: OFFICIAL DOCUMENTS ::

@LEGAL{bt16-12278,
	journalsubtitle = {16/12278},
	journaltitle = {BT-Drs.},
	title = {BT-Drucksache  16/12278}
}

:: 

:: COMMENTS ::

@commentary{djvIfgKommentierung,
	author = {Dr.~Wilhelm Mecklenburg Mecklenburg and Benno H. Pöppelmann},
	title = {Informationsfreiheitsgesetz},
	subtitle = {Gesetztexte, Kommentierungen, Fallbeispiele Erläuterungen},
	titleaddon = {Information – Ihr gutes Recht},
	date = {2007-02},
	editor = {{Deutscher Journalisten-Verband e.~V.}},
	editora = {{Vereinigte Dienstleistungsgewerkschaft (ver.di)}},
	editorb = {{Humanistische Union}},
	editorc = {{netzwerk recherche}},
	editord = {{Transparency International – Deutsches Chapter}},
	language = {ngerman},
	origlanguage = {ngerman},
	publisher = {DJV},
	DISlocation = {Berlin},
	isbn = {978-3-935819-22-0},
	pagetotal = {223},
	DISurl = {https://netzwerkrecherche.org/wp-content/uploads/2014/07/ifg-kommentar-buch.pdf}
}

@book{bfdiIfgErlaueterung,
	author = {{Der Bundesbeauftragte für den Datenschutzund die Informationsfreiheit}},
	title = {Informationsfreiheitsgesetz des Bundes},
	subtitle = {Text und Erläuterung},
	titleaddon = {Info 2},
	date = {2020-03},
	language = {ngerman},
	origlanguage = {ngerman},
	DISpublisher = {Der Bundesbeauftragte für den Datenschutzund die Informationsfreiheit},
	location = {Bonn},
	pagetotal = {82},
	url = {https://www.bfdi.bund.de/SharedDocs/Publikationen/Infobroschueren/INFO2.pdf}
}
