:: OFFICIAL DOCUMENTS ::

@jurisdiction{ovg-bb-vorkasse,
	author = {OVG Berlin-Brandenburg},
	gender = {sn},
	date = {2014-05-26},
	decicion = {Urteil},
	sign = {OVG~BB~12~B~22.12}
}

